@article{zwi1990,
title={Modeling of the bacterial growth curve},
author={Zwietering, MH and Jongenburger, Il and Rombouts, FM and Van't Riet, KJAEM},
journal={Applied and environmental microbiology},
volume={56},
number={6},
pages={1875--1881},
year={1990},
publisher={Am Soc Microbiol}
}

@article{mck1912, 
title = "XLV.—The Rate of Multiplication of Micro-organisms: A Mathematical Study", 
journal = "Proceedings of the Royal Society of Edinburgh",
volume = "31", 
year = "1912",
publisher = "Royal Society of Edinburgh Scotland Foundation", 
author = "McKendrick, A. G. and Pai, M. Kesava", 
pages = "649–655"
}

@article{bar1994,
title={A dynamic approach to predicting bacterial growth in food},
author={Baranyi, J{\'o}zsef and Roberts, Terry A},
journal={International journal of food microbiology},
volume={23},
number={3-4},
pages={277--294},
year={1994},
publisher={Elsevier}
}

@article{john2004,
title={Model selection in ecology and evolution},
author={Johnson, Jerald B and Omland, Kristian S},
journal={Trends in ecology \& evolution},
volume={19},
number={2},
pages={101--108},
year={2004},
publisher={Elsevier}
}

@article{mcm2013,
title={Predictive microbiology theory and application: Is it all about rates?},
author={McMeekin, Tom and Olley, June and Ratkowsky, David and Corkrey, Ross and Ross, Tom},
journal={Food Control},
volume={29},
number={2},
pages={290--299},
year={2013},
publisher={Elsevier}
}

@article{pel2011,
title={Microbial growth curves: what the models tell us and what they cannot},
author={Peleg, Micha and Corradini, Maria G},
journal={Critical reviews in food science and nutrition},
volume={51},
number={10},
pages={917--945},
year={2011},
publisher={Taylor \& Francis}
}

@book{mck2004,
title={Primary models},
author={McKellar, Robin C and Lu, Xuewen},
year={2004},
publisher={Boca Raton, Florida: CRC Press}
}

@article{bok2011,
title={How scientific models can explain},
author={Bokulich, Alisa},
journal={Synthese},
volume={180},
number={1},
pages={33--45},
year={2011},
publisher={Springer}
}

@article{cho2016,
title={Using phenomenological models to characterize transmissibility and forecast patterns and final burden of Zika epidemics},
author={Chowell, Gerardo and Hincapie-Palacio, Doracelly and Ospina, Juan and Pell, Bruce and Tariq, Amna and Dahal, Sushma and Moghadas, Seyed and Smirnova, Alexandra and Simonsen, Lone and Viboud, C{\'e}cile},
journal={PLoS currents},
volume={8},
year={2016},
publisher={Public Library of Science}
}

@article{esk2007,
title={On the mechanistic underpinning of discrete-time population models with Allee effect},
author={Eskola, Hanna TM and Parvinen, Kalle},
journal={Theoretical Population Biology},
volume={72},
number={1},
pages={41--51},
year={2007},
publisher={Elsevier}
}